@book{rosebrock2017deep,
  title={Deep Learning for Computer Vision with Python},
  author={Dr. Adrian Rosebrock},
  year={2017},
  publisher={PYIMAGE SEARCH}
}

@article{ramirez2003filtro,
  title={El filtro de kalman},
  author={Ram{\'\i}rez, {\'A}lvaro Solera},
  journal={Documento de trabajo del Banco Central de Costa Rica, elaborado en la Divisi{\'o}n Econ{\'o}mica, Departamento de Investigaciones Econ{\'o}micas},
  year={2003}
}

@misc{welch1995introduction,
  title={An introduction to the Kalman filter},
  author={Welch, Greg and Bishop, Gary and others},
  year={1995},
  publisher={Citeseer}
}

@misc{docker2021container,
  title={What is a container?},
  url={https://www.docker.com/resources/what-container},
  journal={Docker}
}

@misc{nvidiaDocker2021overview,
  title={Overview},
  url={https://docs.nvidia.com/datacenter/cloud-native/container-toolkit/overview.html},
  journal={Overview - NVIDIA Cloud Native Technologies documentation}
}

@article{burnett2020aUToTrack,
    author = {Keenan Burnett and
               Sepehr Samavi and
               Steven L. Waslander and
               Timothy D. Barfoot and
               Angela P. Schoellig
    },
    title = { aUToTrack: A Lightweight Object Detection and Tracking System for the SAE AutoDrive Challenge},
    journal = { University of Toronto },
    year = {2019},
    doi = {10.1109/CRV.2019.00036},
    pages = {209-216}
}

@article{peng2019Improved,
    author = {Yahui Peng and
      Xiaochen Liu and
      Chong Shen and
      Haoqian Huang and
      Donghua Zhao and
      Huiliang Cao and
      Xiaoting Guo
    },
    title = { An Improved Optical Flow Algorithm Based on Mask-R-CNN and K-Means for Velocity Calculation},
    journal = { Multidisciplinary Digital Publishing Institute },
    year = {2019},
    month = {6},
    doi = {10.3390/app9142808}
}

@article{kampelmuhler2018Camera,
    author = {Moritz Kampelmuhler, Michael G. Muller and Christoph Feichtenhofer},
    title = {Camera-based vehicle velocity estimation from monocular video},
    journal = {Institute of Electrical Measurement and Measurement Signal Processing},
    year = {2018},
    month = {2}
}

@article{song2020Learning,
    author = {Zhenbo Song and
      Jianfeng Luand and
      Tong Zhang and
      Hongdong Li
    },
    title = {End-to-end Learning for Inter-Vehicle Distance and Relative Velocity Estimation in ADAS with a Monocular Camera},
    journal = {Cornell University},
    year = {2020}
}

@article{singh2007Estimating,
    author = {Sawan Singh},
    title = {Estimating Speed, Velocity, Acceleration and Angle Using Image Addition Method},
    journal = {International Journal of Innovative Research in Computer and Communication Engineering},
    year = {2015},
    month = {11},
    volume = {3},
    pages = {11585-11589},
    doi = {10.15680/IJIRCCE.2015}
}

@article{zhang2017Vehicle,
    author = {Yaqi Zhang, Billy Wan and Wenshun Liu},
    title = {Vehicle Motion Detection using CNN},
    journal = {Stanford},
    year = {2017}
}

@article{loor2017Visual,
    author = {C.K. Loor},
    title = {Visual Speedometer: Learning Velocity from Two Images},
    journal = {University of Amsterdam},
    year = {2017}
}

@article{mcculloch1943Logical,
  title = {A Logical Calculus of Ideas Immanent in Nervous Activity},
  author = {Mcculloch, Warren and Pitts, Walter},
  journal = {Bulletin of Mathematical Biophysics},
  volume = 5,
  year = 1943
}

@article{rosenblatt1958Perceptron,
  title = {{The perceptron: A probabilistic model for information storage and organization in the brain.}},
  journal = {Psychological Review},
  author = {Rosenblatt, F.},
  doi = {10.1037/h0042519},
  year = 1958,
  volume = 65,
  number = 6
}

@book{minsky1969Perceptrons,
  title = {Perceptrons: An Introduction to Computational Geometry},
  author = {Minsky, Marvin and Papert, Seymour},
  publisher = {MIT Press},
  year = 1969
}

@book{rumelhart1986Parallel,
  title = {Parallel Distributed Processing: Explorations in the Microstructure  of Cognition, Vol. 1: Foundations},
  author = {Rumelhart, D. E. and McClelland, J. L.},
  publisher = {{MIT} Press},
  year = 1986
}

@book{demuth2014Neural,
  author = {Demuth, Howard B. and Beale, Mark H. and De Jess, Orlando and Hagan, Martin T.},
  title = {Neural Network Design},
  year = {2014},
  isbn = {0971732116},
  publisher = {Martin Hagan},
  address = {Stillwater, OK, USA},
  edition = {2nd}
}

@book{patterson2017deep,
  title={Deep learning: A practitioner's approach},
  author={Patterson, Josh and Gibson, Adam},
  year={2017},
  publisher={" O'Reilly Media, Inc."}
}

@book{harrington2012Machine,
  title={Machine Learning in Action},
  author={Peter Harrington},
  year={2012},
  publisher={Manning Publications}
}

@book{goyal2018Deep,
  title={Deep Learning for Natural Language Processing Creating Neural Networks with Python},
  author={
    Palash Goyal and
    Sumit Pandey and
    Karan Jain
  },
  year={2018},
  publisher={Palash Goyal}
}

@book{flach2012Machine,
  title={Machine Learning The Art and Science of Algorithms that Make Sense of Data},
  author={
    Peter Flach
  },
  year={2012},
  publisher={Cambridge University Press}
}

@book{swamynathan2017Mastering,
  title={Mastering Machine Learning with Python in Six Steps A Practical Implementation Guide to Predictive Data Analytics Using Python},
  author={
    Manohar Swamynathan
  },
  year={2017},
  publisher={Springer Science+Business Media New York}
}

@book{buduma2017Fundamentals,
  title={Fundamentals of Deep Learning Designing Next-Generation Machine Intelligence Algorithms},
  author={
    Nikhil Buduma
  },
  year={2017},
  publisher={O’Reilly Media, Inc}
}

@PHDTHESIS{valenzuela2020Sistema,
  author = "Mario Valenzuela Partida",
  title = "{Sistema de diseño y optimización de redesconvolucionales por razonamiento bayesianoutilizando entrenamientos parciales y distribuidos}",
  school = "Instituto Tecnológico de Culiacán",
  year = {2020},
  month = {10}
}


@book{goldberg2017Neural,
    author = {Yoav Goldberg},
    title = {Neural Network Methods for Natural Language Processing},
    journal = {Morgan & Claypool},
    year = {2017},
    doi = {10.2200/S00762ED1V01Y201703HLT037}
}


@article{zaki2020Traffic,
  title={Traffic signs detection and recognition system using deep learning},
  author={Zaki, Pavly Salah and William, Marco Magdy and Soliman, Bolis Karam and Alexsan, Kerolos Gamal and Khalil, Keroles and El-Moursy, Magdy},
  journal={arXiv preprint arXiv:2003.03256},
  year={2020}
}

@article{velazquez2017Siniestralidad,
  title={Siniestralidad vial en la frontera norte de Tamaulipas. Enfoque en los procesos administrativos de control},
  author={Velázquez Narváez, Yolanda and Zamorano González, Benito and Ruíz Ramos, Lucía},
  journal={Estudios fronterizos},
  volume={18},
  number={36},
  pages={1--24},
  year={2017},
  publisher={Universidad Autónoma de Baja California}
}

@article{carro2019Conductas,
  title={Conductas de riesgo al conducir un automóvil en zonas urbanas del sur de Tamaulipas y la Ciudad de México},
  author={Carro-Pérez, Ennio Héctor and Ampudia-Rueda, Amada},
  journal={CienciaUAT},
  volume={13},
  number={2},
  pages={100--112},
  year={2019},
  publisher={Universidad Autónoma de Tamaulipas}
}

@article{impedovo2019Vehicular,
  title={Vehicular traffic congestion classification by visual features and deep learning approaches: a comparison},
  author={Impedovo, Donato and Balducci, Fabrizio and Dentamaro, Vincenzo and Pirlo, Giuseppe},
  journal={Sensors},
  volume={19},
  number={23},
  pages={5213},
  year={2019},
  publisher={Multidisciplinary Digital Publishing Institute}
}

@inproceedings{rao2018Deep,
  title={Deep learning for self-driving cars: Chances and challenges},
  author={Rao, Qing and Frtunikj, Jelena},
  booktitle={Proceedings of the 1st International Workshop on Software Engineering for AI in Autonomous Systems},
  pages={35--38},
  year={2018}
}

@inproceedings{redmon2016Yolo,
  author={Redmon, Joseph and Divvala, Santosh and Girshick, Ross and Farhadi, Ali},
  booktitle={2016 IEEE Conference on Computer Vision and Pattern Recognition (CVPR)},
  title={You Only Look Once: Unified, Real-Time Object Detection},
  year={2016},
  volume={},
  number={},
  pages={779-788},
  doi={10.1109/CVPR.2016.91}
}


@INPROCEEDINGS{anil2015Real,
    author={Anil Rao, Y.G. and Kumar, N. Sujith and Amaresh, H.S. and Chirag, H.V.},
    booktitle={TENCON 2015 - 2015 IEEE Region 10 Conference},
    title={Real-time speed estimation of vehicles from uncalibrated view-independent traffic cameras},
    year={2015},
    volume={},
    number={},
    pages={1-6},
    doi={10.1109/TENCON.2015.7373162}
}

@article{li2014Video,
    author = {Li, Shuguang and Yu, Hongkai and Zhang, Jingru and Yang, Kaixin and Bin, Ran},
    title = {Video-based traffic data collection system for multiple vehicle types},
    journal = {IET Intelligent Transport Systems},
    volume = {8},
    number = {2},
    pages = {164-174},
    doi = {https://doi.org/10.1049/iet-its.2012.0099},
    url = {https://ietresearch.onlinelibrary.wiley.com/doi/abs/10.1049/iet-its.2012.0099},
    eprint = {https://ietresearch.onlinelibrary.wiley.com/doi/pdf/10.1049/iet-its.2012.0099},
    year = {2014}
}

@InProceedings{khan2019Multiple,
    author="Khan, Muhammad
        and Nawaz, Muhammad
        and Nida-Ur-Rehman, Qazi
        and Masood, Ghulam
        and Adnan, Awais
        and Anwar, Sajid
        and Cosmas, John",
    editor="Rocha, {\'A}lvaro
        and Adeli, Hojjat
        and Reis, Lu{\'i}s Paulo
        and Costanzo, Sandra",
    title="Multiple Moving Vehicle Speed Estimation Using Blob Analysis",
    booktitle="New Knowledge in Information Systems and Technologies",
    year="2019",
    publisher="Springer International Publishing",
    address="Cham",
    pages="303--314",
    isbn="978-3-030-16184-2"
}

@ARTICLE{yang2019Vehicle,
    author={Yang, Lei and Li, Menglong and Song, Xiaowei and Xiong, Zixiang and Hou, Chunping and Qu, Boyang},
    journal={IEEE Access},
    title={Vehicle Speed Measurement Based on Binocular Stereovision System},
    year={2019},
    volume={7},
    number={},
    pages={106628-106641},
    doi={10.1109/ACCESS.2019.2932120}
}

@Article{bell2020Accurate,
    AUTHOR = {Bell, D. and Xiao, W. and James, P.},
    TITLE = {Accurate Vehicle Speed Estimation from Monocular Camera Footage},
    JOURNAL = {ISPRS Annals of the Photogrammetry, Remote Sensing and Spatial Information Sciences},
    VOLUME = {V-2-2020},
    YEAR = {2020},
    PAGES = {419--426},
    URL = {https://www.isprs-ann-photogramm-remote-sens-spatial-inf-sci.net/V-2-2020/419/2020/},
    DOI = {10.5194/isprs-annals-V-2-2020-419-2020}
}

@inproceedings{kamoji2020Image,
    author = {Kamoji, Supriya and Koshti, Dipali and Dmonte, Alphaeus and George, Solomon and Pereira, Clayton},
    year = {2020},
    month = {02},
    pages = {523-527},
    title = {Image Processing based Vehicle Identification and Speed Measurement},
    doi = {10.1109/ICICT48043.2020.9112419}
}


@INPROCEEDINGS{kurniawan2018Speed,
  author={Kurniawan, A. and Ramadlan, A. and Yuniarno, E. M.},
  booktitle={2018 International Conference on Computer Engineering, Network and Intelligent Multimedia (CENIM)},
  title={Speed Monitoring for Multiple Vehicle Using Closed Circuit Television (CCTV) Camera},
  year={2018},
  volume={},
  number={},
  pages={88-93},
  doi={10.1109/CENIM.2018.8710854}
}



@article{dong2019Vehicle,
  title={Vehicle Speed Estimation Based on 3D ConvNets and Non-Local Blocks},
  author={H. Dong and Ming Wen and Zhouwang Yang},
  journal={Future Internet},
  year={2019},
  volume={11},
  pages={123},
  doi={10.3390/FI11060123}
}

@ARTICLE{schoepflin2003Dynamic,
  author={Schoepflin, T.N. and Dailey, D.J.},
  journal={IEEE Transactions on Intelligent Transportation Systems},
  title={Dynamic camera calibration of roadside traffic management cameras for vehicle speed estimation},
  year={2003},
  volume={4},
  number={2},
  pages={90-98},
  doi={10.1109/TITS.2003.821213}
}

@INPROCEEDINGS{yan2010Research,
  author={Yan, Yan and Yancong, Shi and Zengqiang, Ma},
  booktitle={2010 5th International Conference on Computer Science   Education},
  title={Research on vehicle speed measurement by video image based on Tsai's two stage method},
  year={2010},
  volume={},
  number={},
  pages={502-506},
  doi={10.1109/ICCSE.2010.5593565}
}

@inproceedings{luvizon2014Vehicle,
  author = {Luvizon, Diogo and Nassu, Bogdan and Minetto, Rodrigo},
  year = {2014},
  month = {05},
  pages = {},
  title = {Vehicle speed estimation by license plate detection and tracking},
  journal = {ICASSP, IEEE International Conference on Acoustics, Speech and Signal Processing - Proceedings},
  doi = {10.1109/ICASSP.2014.6854869}
}


@INPROCEEDINGS{jalalat2016Vehicle,
  author={Jalalat, Morteza and Nejati, Mansour and Majidi, Ali},
  booktitle={2016 2nd International Conference of Signal Processing and Intelligent Systems (ICSPIS)},
  title={Vehicle detection and speed estimation using cascade classifier and sub-pixel stereo matching},
  year={2016},
  volume={},
  number={},
  pages={1-5},
  doi={10.1109/ICSPIS.2016.7869890}
}

@inproceedings{llorca2016Two,
  author = {Fernández-Llorca, David and Salinas, Camila and Jimenez, M. and Morcillo, A. and Izquierdo, Ruben and Lorenzo Díaz, Javier and Sotelo, Miguel-Angel},
  year = {2016},
  month = {11},
  pages = {2533-2538},
  title = {Two-camera based accurate vehicle speed measurement using average speed at a fixed point},
  doi = {10.1109/ITSC.2016.7795963}
}

@article{lee2021Study,
    author = {Lee, Kwan-Hyeong},
    title = {A Study on Distance Measurement Module for Driving Vehicle Velocity Estimation in Multi-Lanes Using Drones},
    journal = {Applied Sciences},
    volume = {11},
    year = {2021},
    number = {9},
    doi = {10.3390/app11093884}
}

@article{yang2021Robust,
    author = {Yang, Lei and Luo, Jianchen and Song, Xiaowei and Li, Menglong and Wen, Pengwei and Xiong, Zixiang},
    year = {2021},
    month = {07},
    pages = {910},
    title = {Robust Vehicle Speed Measurement Based on Feature Information Fusion for Vehicle Multi-Characteristic Detection},
    volume = {23},
    journal = {Entropy},
    doi = {10.3390/e23070910}
}

@article{yang2021Improved,
    author = {Yang, Lei and Li, Qingyuan and Song, Xiaowei and Cai, Wenjing and Hou, Chunping and Xiong, Zixiang},
    title = {An Improved Stereo Matching Algorithm for Vehicle Speed Measurement System Based on Spatial and Temporal Image Fusion},
    journal = {Entropy},
    volume = {23},
    year = {2021},
    number = {7},
    doi = {10.3390/e23070866}
}

@article{vakili2020Single,
    author = {Vakili, Elnaz and Shoaran, Maryam and Sarmadi, Mohammad},
    year = {2020},
    month = {07},
    pages = {},
    title = {Single-camera vehicle speed measurement using the geometry of the imaging system},
    volume = {79},
    journal = {Multimedia Tools and Applications},
    doi = {10.1007/s11042-020-08761-5}
}

@INPROCEEDINGS{bevilacqua2016Egomotion,
  author={Bevilacqua, M. and Tsourdos, A. and Starr, A.},
  booktitle={2016 IEEE International Instrumentation and Measurement Technology Conference Proceedings},
  title={Egomotion estimation for monocular camera visual odometer},
  year={2016},
  volume={},
  number={},
  pages={1-6},
  doi={10.1109/I2MTC.2016.7520579}
}

@book{szeliski2010computer,
  title={Computer vision: algorithms and applications},
  author={Szeliski, Richard},
  year={2010},
  publisher={Springer Science \& Business Media}
}

@book{aurelien2019Hands,
  title={Hands-on Machine Learning with Scikit-Learn, Keras, and TensorFlow},
  author={Aurélien Géron},
  year={2019},
  publisher={ OReilly }
}


 @misc{bushnell,
    title={Buy velocity speed gun and more},
    url={https://www.bushnell.com/additional-products/speed-guns/velocity-speed-gun/BU-101911.html},
    journal={Bushnell}
 } 
 
@misc{cifar10,
    title={CIFAR-10},
    url={https://www.cs.toronto.edu/~kriz/cifar.html},
    journal={CIFAR-10 and CIFAR-100 datasets}
}

@misc{python,
    title={Welcome to Python.org},
    url={https://www.python.org/shell/},
    journal={Python.org},
    author={Guido van Rossum},
    year={1994}
}
